@MISC{evans:labInstructions,
  AUTHOR       = "Hugh D. R. Evans",
  Title        = {Space Environment Laboratory Work with SPENVIS Radiation Environment and Effects v2.2},
  YEAR         = "2016",
  MONTH		   = "March",
  NOTE         = {SPENVIS Laboratory Instructions}
}

@misc{evans:lecture,
  Author = {Hugh D. R. Evans},
  Institution = {LuleaÌŠ University of Technology, Department of Space Science},
  Howpublished = {University Lecture},
  Year = {2016},
  Publisher = {ESA/ESTEC; Rhea Systems},
  Title = {Using SPENVIS to evaluate the Space Environment}
}

@inproceedings{vallado2008,
  doi = {10.2514/6.2008-6442},
  url = {http://dx.doi.org/10.2514/6.2008-6442},
  year  = {2008},
  month = {Aug},
  publisher = {American Institute of Aeronautics and Astronautics ({AIAA})},
  author = {David Vallado and David Finkleman},
  title = {A Critical Assessment of Satellite Drag and Atmospheric Density Modeling},
  booktitle = {{AIAA}/{AAS} Astrodynamics Specialist Conference and Exhibit}
}

@misc{ecss:10-04C,
  Author = {ESA Requirements and Standards Division},
  Institution = {ESA / ESTEC},
  publisher = {CSS Secretariat ESA-ESTEC Requirements and Standards Division},
  Year = {2008},
  month = {Nov},
  Title = {{ECSS-E-ST-10-04C} - Space engineering - Space environment}
}

@online{ESA:clusterWebsite,
	author = {},
	year = 2016,
    url = {http://sci.esa.int/cluster/},
    title = "{ESA} Science Cluster Mission",
    lastchecked = {2016-03-26}
}

@misc{ESA:spenvisWebsite,
	author = {},
    url = {https://www.spenvis.oma.be/intro.php},
    title = "{SPENVIS} Space Environment Information System",
   	year = 2016,
    lastchecked = {2016-03-26}
}

@misc{celesTrak,
	author = {Dr. T. S. Kelso},
    url = {https://www.celestrak.com/NORAD/elements/science.txt},
    title = "{NORAD} Two-Line Element Sets Current Data",
   	year = 2016,
    lastchecked = {2016-03-30}
}

@misc{jsattrack,
	author = {},
	url = {http://www.gano.name/shawn/JSatTrak/},
	title = {{JSatTrack} Satellite Tracking Programm},
	year = 2008,
	lastchecked = {2016-03-31}

}
